%%% ------ diversity of GWAS -------- %%%
% need and goldstein
@article{need2009,
  title={Next generation disparities in human genomics: concerns and remedies},
  author={Need, Anna C and Goldstein, David B},
  journal={Trends in Genetics},
  volume={25},
  number={11},
  pages={489--494},
  year={2009},
  publisher={Elsevier}
}

% Bustamante genomics for the world
@article{bustamante2011,
  title={Genomics for the world},
  author={Bustamante, Carlos D and Francisco, M and Burchard, Esteban G},
  journal={Nature},
  volume={475},
  number={7355},
  pages={163--165},
  year={2011},
  publisher={Nature Publishing Group}
}

% popejoy and fullerton
@article{popejoy2016,
  title={Genomics is failing on diversity},
  author={Popejoy, Alice B and Fullerton, Stephanie M},
  journal={Nature News},
  volume={538},
  number={7624},
  pages={161},
  year={2016}
}

% Morales
@article{morales2018,
  title={A standardized framework for representation of ancestry data in genomics studies, with application to the {NHGRI-EBI GWAS C}atalog},
  author={Morales, Joannella and Welter, Danielle and Bowler, Emily H and Cerezo, Maria and Harris, Laura W and McMahon, Aoife C and Hall, Peggy and Junkins, Heather A and Milano, Annalisa and Hastings, Emma and others},
  journal={Genome Biology},
  volume={19},
  number={1},
  pages={21},
  year={2018},
  publisher={Springer}
}

% Sirugo
@article{sirugo2019,
  title={The missing diversity in human genetic studies},
  author={Sirugo, Giorgio and Williams, Scott M and Tishkoff, Sarah A},
  journal={Cell},
  volume={177},
  number={1},
  pages={26--31},
  year={2019},
  publisher={Elsevier}
}

% Martin
@article{martin2019,
  title={Clinical use of current polygenic risk scores may exacerbate health disparities},
  author={Martin, Alicia R and Kanai, Masahiro and Kamatani, Yoichiro and Okada, Yukinori and Neale, Benjamin M and Daly, Mark J},
  journal={Nature Genetics},
  volume={51},
  number={4},
  pages={584--591},
  year={2019},
  publisher={Nature Publishing Group}
}